<?xml version="1.0" encoding="UTF-8"?><collection xmlns="http://www.loc.gov/MARC21/slim"><record><leader>00578nam--2200181-i-4500</leader><controlfield tag="001">000038984</controlfield><controlfield tag="002">20161230</controlfield><controlfield tag="005">20161230201042</controlfield><controlfield tag="008">060222s1000------------r-----000-0-fre-d</controlfield><datafield ind1=" " ind2=" " tag="040"><subfield code="a">IFIN-HH</subfield></datafield><datafield ind1=" " ind2=" " tag="041"><subfield code="a">fre</subfield></datafield><datafield ind1=" " ind2=" " tag="080"><subfield code="a">539.143:539.183.2:546.662/.797/.37(043)</subfield></datafield><datafield ind1="1" ind2=" " tag="100"><subfield code="a">Peghaire, Alain</subfield></datafield><datafield ind1="1" ind2="0" tag="245"><subfield code="a">Etude de quelques noyaux de la region de transition des terres rares (cas de 153gd) et des noyaux lourds (cas de 221fr et 225ac)</subfield><subfield code="b">These</subfield><subfield code="c">Alain peghaire</subfield></datafield><datafield ind1=" " ind2=" " tag="260"><subfield code="a">Paris</subfield><subfield code="b">Universite</subfield><subfield code="c">1977</subfield></datafield><datafield ind1=" " ind2=" " tag="300"><subfield code="a">147P</subfield></datafield><datafield ind1=" " ind2=" " tag="852"><subfield code="a">49677</subfield><subfield code="c">539.14</subfield></datafield><datafield ind1=" " ind2=" " tag="CAT"><subfield code="a">Sys</subfield><subfield code="c">20120404</subfield><subfield code="h">120343</subfield></datafield></record></collection>